@book{cpp,
    title={C++ Primer},
    author={Stanley B.Lippman, Josée Lajoie, Barbara E.Moo},
}
@online{machine-course,
	title	=	"Machine Learning By Andrew Ng",
    url		=	"https://www.coursera.org/learn/machine-learning"
}
@online{dlib,
    title     = "Documentation DLib (partie optimization)",
    url       = "http://dlib.net/optimization.html",
}
@book{analyse,
    title={Cours analyse numérique},
    author={Philipe Maey, Vincent Barra, Jonas Koko},
}
@online{bootstrap,
	title	=	"Documentation Bootstrap",
    url		=	"http://getbootstrap.com/"}

@online{Raspbien,
	title	=	"Documentation Raspbien",
    url		=	"https://www.raspberrypi.org/documentation/raspbian/"}

@online{basehttp,
	title	=	"Documentation BaseHttpServer",
    url		=	"https://docs.python.org/2/library/basehttpserver.html"}
